@inproceedings{GLADNet,
  title = {{{GLADNet}}: {{Low-light}} Enhancement Network with Global Awareness},
  booktitle = {2018 13th {{IEEE}} International Conference on Automatic Face \& Gesture Recognition ({{FG}} 2018)},
  author = {Wang, Wenjing and Wei, Chen and Yang, Wenhan and Liu, Jiaying},
  date = {2018},
  pages = {751--755},
  doi = {10.1109/FG.2018.00118},
  file = {C\:\\Users\\Administrator\\Zotero\\storage\\9SGRNFAP\\Wang ç­‰ - 2018 - GLADNet Low-light enhancement network with global.pdf}
}

@inproceedings{ConVNet,
	author={Mahajan, Arpana and Somaraj, Kavitha and Sameer, Mustafa},
	booktitle={2020 IEEE-EMBS Conference on Biomedical Engineering and Sciences (IECBES)}, 
	title={Adopting Artificial Intelligence Powered ConvNet To Detect Epileptic Seizures}, 
	year={2021},
	volume={},
	number={},
	pages={427-432},
	doi={10.1109/IECBES48179.2021.9398832}}
	
@inproceedings{chen2018learning,
	title={Learning to see in the dark},
	author={Chen, Chen and Chen, Qifeng and Xu, Jia and Koltun, Vladlen},
	booktitle={Proceedings of the IEEE conference on computer vision and pattern recognition},
	pages={3291--3300},
	year={2018}
}

@article{he2010single,
	title={Single image haze removal using dark channel prior},
	author={He, Kaiming and Sun, Jian and Tang, Xiaoou},
	journal={IEEE transactions on pattern analysis and machine intelligence},
	volume={33},
	number={12},
	pages={2341--2353},
	year={2010},
	publisher={IEEE}
}

@incollection{dong2010fast,
	title={Fast efficient algorithm for enhancement of low lighting video},
	author={Dong, Xuan and Pang, Yi and Wen, Jiangtao},
	booktitle={ACM SIGGRAPH 2010 Posters},
	pages={1--1},
	year={2010}
}