@inproceedings{rana2021edge,
	title={Edge guided low-light image enhancement},
	author={Rana, Deepanshu and Lal, Kanishk Jayant and Parihar, Anil Singh},
	booktitle={2021 5th International Conference on Intelligent Computing and Control Systems (ICICCS)},
	pages={871--877},
	year={2021},
	organization={IEEE}
}

@inproceedings{zhu2020eemefn,
	title={Eemefn: Low-light image enhancement via edge-enhanced multi-exposure fusion network},
	author={Zhu, Minfeng and Pan, Pingbo and Chen, Wei and Yang, Yi},
	booktitle={Proceedings of the AAAI Conference on Artificial Intelligence},
	volume={34},
	number={07},
	pages={13106--13113},
	year={2020}
}