@article{vaswani2017attention,
	title={Attention is all you need},
	author={Vaswani, Ashish and Shazeer, Noam and Parmar, Niki and Uszkoreit, Jakob and Jones, Llion and Gomez, Aidan N and Kaiser, {\L}ukasz and Polosukhin, Illia},
	journal={Advances in neural information processing systems},
	volume={30},
	year={2017}
}

@misc{wang2022ultrahighdefinition,
	title={Ultra-High-Definition Low-Light Image Enhancement: A Benchmark and Transformer-Based Method}, 
	author={Tao Wang and Kaihao Zhang and Tianrun Shen and Wenhan Luo and Bjorn Stenger and Tong Lu},
	year={2022},
	eprint={2212.11548},
	archivePrefix={arXiv},
	primaryClass={cs.CV}
}

@misc{dosovitskiy2021image,
	title={An Image is Worth 16x16 Words: Transformers for Image Recognition at Scale}, 
	author={Alexey Dosovitskiy and Lucas Beyer and Alexander Kolesnikov and Dirk Weissenborn and Xiaohua Zhai and Thomas Unterthiner and Mostafa Dehghani and Matthias Minderer and Georg Heigold and Sylvain Gelly and Jakob Uszkoreit and Neil Houlsby},
	year={2021},
	eprint={2010.11929},
	archivePrefix={arXiv},
	primaryClass={cs.CV}
}

@inproceedings{kolesnikov2020big,
	title={Big transfer (bit): General visual representation learning},
	author={Kolesnikov, Alexander and Beyer, Lucas and Zhai, Xiaohua and Puigcerver, Joan and Yung, Jessica and Gelly, Sylvain and Houlsby, Neil},
	booktitle={Computer Vision--ECCV 2020: 16th European Conference, Glasgow, UK, August 23--28, 2020, Proceedings, Part V 16},
	pages={491--507},
	year={2020},
	organization={Springer}
}

@inproceedings{xie2020self,
	title={Self-training with noisy student improves imagenet classification},
	author={Xie, Qizhe and Luong, Minh-Thang and Hovy, Eduard and Le, Quoc V},
	booktitle={Proceedings of the IEEE/CVF conference on computer vision and pattern recognition},
	pages={10687--10698},
	year={2020}
}

@inproceedings{touvron2021training,
	title={Training data-efficient image transformers \& distillation through attention},
	author={Touvron, Hugo and Cord, Matthieu and Douze, Matthijs and Massa, Francisco and Sablayrolles, Alexandre and J{\'e}gou, Herv{\'e}},
	booktitle={International conference on machine learning},
	pages={10347--10357},
	year={2021},
	organization={PMLR}
}

@article{li2023embedding,
	title={Embedding fourier for ultra-high-definition low-light image enhancement},
	author={Li, Chongyi and Guo, Chun-Le and Zhou, Man and Liang, Zhexin and Zhou, Shangchen and Feng, Ruicheng and Loy, Chen Change},
	journal={arXiv preprint arXiv:2302.11831},
	year={2023}
}