@article{vaswani2017attention,
	title={Attention is all you need},
	author={Vaswani, Ashish and Shazeer, Noam and Parmar, Niki and Uszkoreit, Jakob and Jones, Llion and Gomez, Aidan N and Kaiser, {\L}ukasz and Polosukhin, Illia},
	journal={Advances in neural information processing systems},
	volume={30},
	year={2017}
}

@misc{wang2022ultrahighdefinition,
	title={Ultra-High-Definition Low-Light Image Enhancement: A Benchmark and Transformer-Based Method}, 
	author={Tao Wang and Kaihao Zhang and Tianrun Shen and Wenhan Luo and Bjorn Stenger and Tong Lu},
	year={2022},
	eprint={2212.11548},
	archivePrefix={arXiv},
	primaryClass={cs.CV}
}