@inproceedings{peng2021conformer,
	title={Conformer: Local features coupling global representations for visual recognition},
	author={Peng, Zhiliang and Huang, Wei and Gu, Shanzhi and Xie, Lingxi and Wang, Yaowei and Jiao, Jianbin and Ye, Qixiang},
	booktitle={Proceedings of the IEEE/CVF international conference on computer vision},
	pages={367--376},
	year={2021}
}
@article{ramachandran2019stand,
	title={Stand-alone self-attention in vision models},
	author={Ramachandran, Prajit and Parmar, Niki and Vaswani, Ashish and Bello, Irwan and Levskaya, Anselm and Shlens, Jon},
	journal={Advances in neural information processing systems},
	volume={32},
	year={2019}
}

@inproceedings{woo2018cbam,
	title={Cbam: Convolutional block attention module},
	author={Woo, Sanghyun and Park, Jongchan and Lee, Joon-Young and Kweon, In So},
	booktitle={Proceedings of the European conference on computer vision (ECCV)},
	pages={3--19},
	year={2018}
}

@inproceedings{chen2018learning,
	title={Learning to see in the dark},
	author={Chen, Chen and Chen, Qifeng and Xu, Jia and Koltun, Vladlen},
	booktitle={Proceedings of the IEEE conference on computer vision and pattern recognition},
	pages={3291--3300},
	year={2018}
}

@article{zamir2021learning,
	title={Learning digital camera pipeline for extreme low-light imaging},
	author={Zamir, Syed Waqas and Arora, Aditya and Khan, Salman and Khan, Fahad Shahbaz and Shao, Ling},
	journal={Neurocomputing},
	volume={452},
	pages={37--47},
	year={2021},
	publisher={Elsevier}
}

@inproceedings{meng2020gia,
	title={Gia-net: Global information aware network for low-light imaging},
	author={Meng, Zibo and Xu, Runsheng and Ho, Chiu Man},
	booktitle={European Conference on Computer Vision},
	pages={327--342},
	year={2020},
	organization={Springer}
}

@inproceedings{zhou2018unet++,
	title={Unet++: A nested u-net architecture for medical image segmentation},
	author={Zhou, Zongwei and Rahman Siddiquee, Md Mahfuzur and Tajbakhsh, Nima and Liang, Jianming},
	booktitle={Deep Learning in Medical Image Analysis and Multimodal Learning for Clinical Decision Support: 4th International Workshop, DLMIA 2018, and 8th International Workshop, ML-CDS 2018, Held in Conjunction with MICCAI 2018, Granada, Spain, September 20, 2018, Proceedings 4},
	pages={3--11},
	year={2018},
	organization={Springer}
}

@article{zhou2019unet++,
	title={Unet++: Redesigning skip connections to exploit multiscale features in image segmentation},
	author={Zhou, Zongwei and Siddiquee, Md Mahfuzur Rahman and Tajbakhsh, Nima and Liang, Jianming},
	journal={IEEE transactions on medical imaging},
	volume={39},
	number={6},
	pages={1856--1867},
	year={2019},
	publisher={IEEE}
}

@article{yang2021locally,
	title={Locally Enhanced Self-Attention: Combining Self-Attention and Convolution as Local and Context Terms},
	author={Yang, Chenglin and Qiao, Siyuan and Kortylewski, Adam and Yuille, Alan},
	journal={arXiv preprint arXiv:2107.05637},
	year={2021}
}

@inproceedings{zhang2020attention,
	title={Attention-based network for low-light image enhancement},
	author={Zhang, Cheng and Yan, Qingsen and Zhu, Yu and Li, Xianjun and Sun, Jinqiu and Zhang, Yanning},
	booktitle={2020 IEEE international conference on multimedia and expo (ICME)},
	pages={1--6},
	year={2020},
	organization={IEEE}
}

@inproceedings{li2018multi,
	title={Multi-scale residual network for image super-resolution},
	author={Li, Juncheng and Fang, Faming and Mei, Kangfu and Zhang, Guixu},
	booktitle={Proceedings of the European conference on computer vision (ECCV)},
	pages={517--532},
	year={2018}
}

@inproceedings{zamir2020learning,
	title={Learning enriched features for real image restoration and enhancement},
	author={Zamir, Syed Waqas and Arora, Aditya and Khan, Salman and Hayat, Munawar and Khan, Fahad Shahbaz and Yang, Ming-Hsuan and Shao, Ling},
	booktitle={Computer Vision--ECCV 2020: 16th European Conference, Glasgow, UK, August 23--28, 2020, Proceedings, Part XXV 16},
	pages={492--511},
	year={2020},
	organization={Springer}
}

@article{li2020visual,
	title={Visual perception model for rapid and adaptive low-light image enhancement},
	author={Li, Xiaoxiao and Guo, Xiaopeng and Mei, Liye and Shang, Mingyu and Gao, Jie and Shu, Maojing and Wang, Xiang},
	journal={arXiv preprint arXiv:2005.07343},
	year={2020}
}

@inproceedings{xu2020learning,
	title={Learning to restore low-light images via decomposition-and-enhancement},
	author={Xu, Ke and Yang, Xin and Yin, Baocai and Lau, Rynson WH},
	booktitle={Proceedings of the IEEE/CVF conference on computer vision and pattern recognition},
	pages={2281--2290},
	year={2020}
}

@inproceedings{woo2018cbam,
	title={Cbam: Convolutional block attention module},
	author={Woo, Sanghyun and Park, Jongchan and Lee, Joon-Young and Kweon, In So},
	booktitle={Proceedings of the European conference on computer vision (ECCV)},
	pages={3--19},
	year={2018}
}

@inproceedings{li2023scconv,
	title={SCConv: Spatial and Channel Reconstruction Convolution for Feature Redundancy},
	author={Li, Jiafeng and Wen, Ying and He, Lianghua},
	booktitle={Proceedings of the IEEE/CVF Conference on Computer Vision and Pattern Recognition},
	pages={6153--6162},
	year={2023}
}

@inproceedings{zhu2020eemefn,
	title={Eemefn: Low-light image enhancement via edge-enhanced multi-exposure fusion network},
	author={Zhu, Minfeng and Pan, Pingbo and Chen, Wei and Yang, Yi},
	booktitle={Proceedings of the AAAI Conference on Artificial Intelligence},
	volume={34},
	number={07},
	pages={13106--13113},
	year={2020}
}

@inproceedings{wang2022uformer,
	title={Uformer: A general u-shaped transformer for image restoration},
	author={Wang, Zhendong and Cun, Xiaodong and Bao, Jianmin and Zhou, Wengang and Liu, Jianzhuang and Li, Houqiang},
	booktitle={Proceedings of the IEEE/CVF conference on computer vision and pattern recognition},
	pages={17683--17693},
	year={2022}
}

@article{li2023effective,
	title={Effective low-light image enhancement with multiscale and context learning network},
	author={Li, Qiao and Jiang, Bin and Bo, Xiaochen and Yang, Chao and Wu, Xu},
	journal={Multimedia Tools and Applications},
	volume={82},
	number={10},
	pages={15271--15286},
	year={2023},
	publisher={Springer}
}

@inproceedings{xu2023low,
	title={Low-Light Image Enhancement via Structure Modeling and Guidance},
	author={Xu, Xiaogang and Wang, Ruixing and Lu, Jiangbo},
	booktitle={Proceedings of the IEEE/CVF Conference on Computer Vision and Pattern Recognition},
	pages={9893--9903},
	year={2023}
}

@inproceedings{rana2021edge,
	title={Edge guided low-light image enhancement},
	author={Rana, Deepanshu and Lal, Kanishk Jayant and Parihar, Anil Singh},
	booktitle={2021 5th International Conference on Intelligent Computing and Control Systems (ICICCS)},
	pages={871--877},
	year={2021},
	organization={IEEE}
}

@article{li2023effective,
	title={Effective low-light image enhancement with multiscale and context learning network},
	author={Li, Qiao and Jiang, Bin and Bo, Xiaochen and Yang, Chao and Wu, Xu},
	journal={Multimedia Tools and Applications},
	volume={82},
	number={10},
	pages={15271--15286},
	year={2023},
	publisher={Springer}
}

@article{jain1991unsupervised,
	title={Unsupervised texture segmentation using Gabor filters},
	author={Jain, Anil K and Farrokhnia, Farshid},
	journal={Pattern recognition},
	volume={24},
	number={12},
	pages={1167--1186},
	year={1991},
	publisher={Elsevier}
}

@article{lowe2004distinctive,
	title={Distinctive image features from scale-invariant keypoints},
	author={Lowe, David G},
	journal={International journal of computer vision},
	volume={60},
	pages={91--110},
	year={2004},
	publisher={Springer}
}

@article{ojala2002multiresolution,
	title={Multiresolution gray-scale and rotation invariant texture classification with local binary patterns},
	author={Ojala, Timo and Pietikainen, Matti and Maenpaa, Topi},
	journal={IEEE Transactions on pattern analysis and machine intelligence},
	volume={24},
	number={7},
	pages={971--987},
	year={2002},
	publisher={IEEE}
}

@inproceedings{lisin2005combining,
	title={Combining local and global image features for object class recognition},
	author={Lisin, Dimitri A and Mattar, Marwan A and Blaschko, Matthew B and Learned-Miller, Erik G and Benfield, Mark C},
	booktitle={2005 IEEE computer society conference on computer vision and pattern recognition (CVPR'05)-Workshops},
	pages={47--47},
	year={2005},
	organization={IEEE}
}

@article{wei2018deep,
	title={Deep retinex decomposition for low-light enhancement},
	author={Wei, Chen and Wang, Wenjing and Yang, Wenhan and Liu, Jiaying},
	journal={arXiv preprint arXiv:1808.04560},
	year={2018}
}

@article{cai2018learning,
	title={Learning a deep single image contrast enhancer from multi-exposure images},
	author={Cai, Jianrui and Gu, Shuhang and Zhang, Lei},
	journal={IEEE Transactions on Image Processing},
	volume={27},
	number={4},
	pages={2049--2062},
	year={2018},
	publisher={IEEE}
}

@inproceedings{chen2019seeing,
	title={Seeing motion in the dark},
	author={Chen, Chen and Chen, Qifeng and Do, Minh N and Koltun, Vladlen},
	booktitle={Proceedings of the IEEE/CVF International Conference on Computer Vision},
	pages={3185--3194},
	year={2019}
}

@inproceedings{jiang2019learning,
	title={Learning to see moving objects in the dark},
	author={Jiang, Haiyang and Zheng, Yinqiang},
	booktitle={Proceedings of the IEEE/CVF International Conference on Computer Vision},
	pages={7324--7333},
	year={2019}
}

@inproceedings{bychkovsky2011learning,
	title={Learning photographic global tonal adjustment with a database of input/output image pairs},
	author={Bychkovsky, Vladimir and Paris, Sylvain and Chan, Eric and Durand, Fr{\'e}do},
	booktitle={CVPR 2011},
	pages={97--104},
	year={2011},
	organization={IEEE}
}

@article{wei2018deep,
	title={Deep retinex decomposition for low-light enhancement},
	author={Wei, Chen and Wang, Wenjing and Yang, Wenhan and Liu, Jiaying},
	journal={arXiv preprint arXiv:1808.04560},
	year={2018}
}