@inproceedings{peng2021conformer,
	title={Conformer: Local features coupling global representations for visual recognition},
	author={Peng, Zhiliang and Huang, Wei and Gu, Shanzhi and Xie, Lingxi and Wang, Yaowei and Jiao, Jianbin and Ye, Qixiang},
	booktitle={Proceedings of the IEEE/CVF international conference on computer vision},
	pages={367--376},
	year={2021}
}
@article{ramachandran2019stand,
	title={Stand-alone self-attention in vision models},
	author={Ramachandran, Prajit and Parmar, Niki and Vaswani, Ashish and Bello, Irwan and Levskaya, Anselm and Shlens, Jon},
	journal={Advances in neural information processing systems},
	volume={32},
	year={2019}
}

@inproceedings{woo2018cbam,
	title={Cbam: Convolutional block attention module},
	author={Woo, Sanghyun and Park, Jongchan and Lee, Joon-Young and Kweon, In So},
	booktitle={Proceedings of the European conference on computer vision (ECCV)},
	pages={3--19},
	year={2018}
}

@inproceedings{chen2018learning,
	title={Learning to see in the dark},
	author={Chen, Chen and Chen, Qifeng and Xu, Jia and Koltun, Vladlen},
	booktitle={Proceedings of the IEEE conference on computer vision and pattern recognition},
	pages={3291--3300},
	year={2018}
}

@article{zamir2021learning,
	title={Learning digital camera pipeline for extreme low-light imaging},
	author={Zamir, Syed Waqas and Arora, Aditya and Khan, Salman and Khan, Fahad Shahbaz and Shao, Ling},
	journal={Neurocomputing},
	volume={452},
	pages={37--47},
	year={2021},
	publisher={Elsevier}
}

@inproceedings{meng2020gia,
	title={Gia-net: Global information aware network for low-light imaging},
	author={Meng, Zibo and Xu, Runsheng and Ho, Chiu Man},
	booktitle={European Conference on Computer Vision},
	pages={327--342},
	year={2020},
	organization={Springer}
}

@inproceedings{zhou2018unet++,
	title={Unet++: A nested u-net architecture for medical image segmentation},
	author={Zhou, Zongwei and Rahman Siddiquee, Md Mahfuzur and Tajbakhsh, Nima and Liang, Jianming},
	booktitle={Deep Learning in Medical Image Analysis and Multimodal Learning for Clinical Decision Support: 4th International Workshop, DLMIA 2018, and 8th International Workshop, ML-CDS 2018, Held in Conjunction with MICCAI 2018, Granada, Spain, September 20, 2018, Proceedings 4},
	pages={3--11},
	year={2018},
	organization={Springer}
}

@article{zhou2019unet++,
	title={Unet++: Redesigning skip connections to exploit multiscale features in image segmentation},
	author={Zhou, Zongwei and Siddiquee, Md Mahfuzur Rahman and Tajbakhsh, Nima and Liang, Jianming},
	journal={IEEE transactions on medical imaging},
	volume={39},
	number={6},
	pages={1856--1867},
	year={2019},
	publisher={IEEE}
}

@article{yang2021locally,
	title={Locally Enhanced Self-Attention: Combining Self-Attention and Convolution as Local and Context Terms},
	author={Yang, Chenglin and Qiao, Siyuan and Kortylewski, Adam and Yuille, Alan},
	journal={arXiv preprint arXiv:2107.05637},
	year={2021}
}

@inproceedings{zhang2020attention,
	title={Attention-based network for low-light image enhancement},
	author={Zhang, Cheng and Yan, Qingsen and Zhu, Yu and Li, Xianjun and Sun, Jinqiu and Zhang, Yanning},
	booktitle={2020 IEEE international conference on multimedia and expo (ICME)},
	pages={1--6},
	year={2020},
	organization={IEEE}
}

@inproceedings{li2018multi,
	title={Multi-scale residual network for image super-resolution},
	author={Li, Juncheng and Fang, Faming and Mei, Kangfu and Zhang, Guixu},
	booktitle={Proceedings of the European conference on computer vision (ECCV)},
	pages={517--532},
	year={2018}
}

@inproceedings{zamir2020learning,
	title={Learning enriched features for real image restoration and enhancement},
	author={Zamir, Syed Waqas and Arora, Aditya and Khan, Salman and Hayat, Munawar and Khan, Fahad Shahbaz and Yang, Ming-Hsuan and Shao, Ling},
	booktitle={Computer Vision--ECCV 2020: 16th European Conference, Glasgow, UK, August 23--28, 2020, Proceedings, Part XXV 16},
	pages={492--511},
	year={2020},
	organization={Springer}
}

@article{li2020visual,
	title={Visual perception model for rapid and adaptive low-light image enhancement},
	author={Li, Xiaoxiao and Guo, Xiaopeng and Mei, Liye and Shang, Mingyu and Gao, Jie and Shu, Maojing and Wang, Xiang},
	journal={arXiv preprint arXiv:2005.07343},
	year={2020}
}

@inproceedings{xu2020learning,
	title={Learning to restore low-light images via decomposition-and-enhancement},
	author={Xu, Ke and Yang, Xin and Yin, Baocai and Lau, Rynson WH},
	booktitle={Proceedings of the IEEE/CVF conference on computer vision and pattern recognition},
	pages={2281--2290},
	year={2020}
}

@inproceedings{woo2018cbam,
	title={Cbam: Convolutional block attention module},
	author={Woo, Sanghyun and Park, Jongchan and Lee, Joon-Young and Kweon, In So},
	booktitle={Proceedings of the European conference on computer vision (ECCV)},
	pages={3--19},
	year={2018}
}

@inproceedings{li2023scconv,
	title={SCConv: Spatial and Channel Reconstruction Convolution for Feature Redundancy},
	author={Li, Jiafeng and Wen, Ying and He, Lianghua},
	booktitle={Proceedings of the IEEE/CVF Conference on Computer Vision and Pattern Recognition},
	pages={6153--6162},
	year={2023}
}

@inproceedings{zhu2020eemefn,
	title={Eemefn: Low-light image enhancement via edge-enhanced multi-exposure fusion network},
	author={Zhu, Minfeng and Pan, Pingbo and Chen, Wei and Yang, Yi},
	booktitle={Proceedings of the AAAI Conference on Artificial Intelligence},
	volume={34},
	number={07},
	pages={13106--13113},
	year={2020}
}

@inproceedings{wang2022uformer,
	title={Uformer: A general u-shaped transformer for image restoration},
	author={Wang, Zhendong and Cun, Xiaodong and Bao, Jianmin and Zhou, Wengang and Liu, Jianzhuang and Li, Houqiang},
	booktitle={Proceedings of the IEEE/CVF conference on computer vision and pattern recognition},
	pages={17683--17693},
	year={2022}
}

@article{li2023effective,
	title={Effective low-light image enhancement with multiscale and context learning network},
	author={Li, Qiao and Jiang, Bin and Bo, Xiaochen and Yang, Chao and Wu, Xu},
	journal={Multimedia Tools and Applications},
	volume={82},
	number={10},
	pages={15271--15286},
	year={2023},
	publisher={Springer}
}

@inproceedings{xu2023low,
	title={Low-Light Image Enhancement via Structure Modeling and Guidance},
	author={Xu, Xiaogang and Wang, Ruixing and Lu, Jiangbo},
	booktitle={Proceedings of the IEEE/CVF Conference on Computer Vision and Pattern Recognition},
	pages={9893--9903},
	year={2023}
}

@inproceedings{rana2021edge,
	title={Edge guided low-light image enhancement},
	author={Rana, Deepanshu and Lal, Kanishk Jayant and Parihar, Anil Singh},
	booktitle={2021 5th International Conference on Intelligent Computing and Control Systems (ICICCS)},
	pages={871--877},
	year={2021},
	organization={IEEE}
}

@article{li2023effective,
	title={Effective low-light image enhancement with multiscale and context learning network},
	author={Li, Qiao and Jiang, Bin and Bo, Xiaochen and Yang, Chao and Wu, Xu},
	journal={Multimedia Tools and Applications},
	volume={82},
	number={10},
	pages={15271--15286},
	year={2023},
	publisher={Springer}
}

@article{jain1991unsupervised,
	title={Unsupervised texture segmentation using Gabor filters},
	author={Jain, Anil K and Farrokhnia, Farshid},
	journal={Pattern recognition},
	volume={24},
	number={12},
	pages={1167--1186},
	year={1991},
	publisher={Elsevier}
}

@article{lowe2004distinctive,
	title={Distinctive image features from scale-invariant keypoints},
	author={Lowe, David G},
	journal={International journal of computer vision},
	volume={60},
	pages={91--110},
	year={2004},
	publisher={Springer}
}

@article{ojala2002multiresolution,
	title={Multiresolution gray-scale and rotation invariant texture classification with local binary patterns},
	author={Ojala, Timo and Pietikainen, Matti and Maenpaa, Topi},
	journal={IEEE Transactions on pattern analysis and machine intelligence},
	volume={24},
	number={7},
	pages={971--987},
	year={2002},
	publisher={IEEE}
}

@inproceedings{lisin2005combining,
	title={Combining local and global image features for object class recognition},
	author={Lisin, Dimitri A and Mattar, Marwan A and Blaschko, Matthew B and Learned-Miller, Erik G and Benfield, Mark C},
	booktitle={2005 IEEE computer society conference on computer vision and pattern recognition (CVPR'05)-Workshops},
	pages={47--47},
	year={2005},
	organization={IEEE}
}

@article{wei2018deep,
	title={Deep retinex decomposition for low-light enhancement},
	author={Wei, Chen and Wang, Wenjing and Yang, Wenhan and Liu, Jiaying},
	journal={arXiv preprint arXiv:1808.04560},
	year={2018}
}

@article{cai2018learning,
	title={Learning a deep single image contrast enhancer from multi-exposure images},
	author={Cai, Jianrui and Gu, Shuhang and Zhang, Lei},
	journal={IEEE Transactions on Image Processing},
	volume={27},
	number={4},
	pages={2049--2062},
	year={2018},
	publisher={IEEE}
}

@inproceedings{chen2019seeing,
	title={Seeing motion in the dark},
	author={Chen, Chen and Chen, Qifeng and Do, Minh N and Koltun, Vladlen},
	booktitle={Proceedings of the IEEE/CVF International Conference on Computer Vision},
	pages={3185--3194},
	year={2019}
}

@inproceedings{jiang2019learning,
	title={Learning to see moving objects in the dark},
	author={Jiang, Haiyang and Zheng, Yinqiang},
	booktitle={Proceedings of the IEEE/CVF International Conference on Computer Vision},
	pages={7324--7333},
	year={2019}
}

@inproceedings{bychkovsky2011learning,
	title={Learning photographic global tonal adjustment with a database of input/output image pairs},
	author={Bychkovsky, Vladimir and Paris, Sylvain and Chan, Eric and Durand, Fr{\'e}do},
	booktitle={CVPR 2011},
	pages={97--104},
	year={2011},
	organization={IEEE}
}

@article{wei2018deep,
	title={Deep retinex decomposition for low-light enhancement},
	author={Wei, Chen and Wang, Wenjing and Yang, Wenhan and Liu, Jiaying},
	journal={arXiv preprint arXiv:1808.04560},
	year={2018}
}

@misc{cai2023retinexformer,
	title={Retinexformer: One-stage Retinex-based Transformer for Low-light Image Enhancement}, 
	author={Yuanhao Cai and Hao Bian and Jing Lin and Haoqian Wang and Radu Timofte and Yulun Zhang},
	year={2023},
	eprint={2303.06705},
	archivePrefix={arXiv},
	primaryClass={cs.CV}
}

@inproceedings{wang2023brighten,
	title={Brighten-and-Colorize: A Decoupled Network for Customized Low-Light Image Enhancement},
	author={Wang, Chenxi and Jin, Zhi},
	booktitle={Proceedings of the 31st ACM International Conference on Multimedia},
	pages={8356--8366},
	year={2023}
}

@article{huang2012efficient,
	title={Efficient contrast enhancement using adaptive gamma correction with weighting distribution},
	author={Huang, Shih-Chia and Cheng, Fan-Chieh and Chiu, Yi-Sheng},
	journal={IEEE transactions on image processing},
	volume={22},
	number={3},
	pages={1032--1041},
	year={2012},
	publisher={IEEE}
}

@article{wang1999image,
	title={Image enhancement based on equal area dualistic sub-image histogram equalization method},
	author={Wang, Yu and Chen, Qian and Zhang, Baeomin},
	journal={IEEE transactions on Consumer Electronics},
	volume={45},
	number={1},
	pages={68--75},
	year={1999},
	publisher={IEEE}
}

@article{jobson1997properties,
	title={Properties and performance of a center/surround retinex},
	author={Jobson, Daniel J and Rahman, Zia-ur and Woodell, Glenn A},
	journal={IEEE transactions on image processing},
	volume={6},
	number={3},
	pages={451--462},
	year={1997},
	publisher={IEEE}
}

@inproceedings{land1965retinex,
	title={The retinex},
	author={Land, Edwin H},
	booktitle={Ciba Foundation Symposium-Colour Vision: Physiology and Experimental Psychology},
	pages={217--227},
	year={1965},
	organization={Wiley Online Library}
}

@article{land1977retinex,
	title={The retinex theory of color vision},
	author={Land, Edwin H},
	journal={Scientific american},
	volume={237},
	number={6},
	pages={108--129},
	year={1977},
	publisher={JSTOR}
}

@article{ji1994adaptive,
	title={Adaptive image contrast enhancement based on human visual properties},
	author={Ji, T-L and Sundareshan, Malur K and Roehrig, Hans},
	journal={IEEE transactions on medical imaging},
	volume={13},
	number={4},
	pages={573--586},
	year={1994},
	publisher={IEEE}
}

@article{tan2019exposure,
	title={Exposure based multi-histogram equalization contrast enhancement for non-uniform illumination images},
	author={Tan, Siu Fong and Isa, Nor Ashidi Mat},
	journal={Ieee Access},
	volume={7},
	pages={70842--70861},
	year={2019},
	publisher={IEEE}
}

@inproceedings{fu2016weighted,
	title={A weighted variational model for simultaneous reflectance and illumination estimation},
	author={Fu, Xueyang and Zeng, Delu and Huang, Yue and Zhang, Xiao-Ping and Ding, Xinghao},
	booktitle={Proceedings of the IEEE conference on computer vision and pattern recognition},
	pages={2782--2790},
	year={2016}
}

@inproceedings{tao2017llcnn,
	title={LLCNN: A convolutional neural network for low-light image enhancement},
	author={Tao, Li and Zhu, Chuang and Xiang, Guoqing and Li, Yuan and Jia, Huizhu and Xie, Xiaodong},
	booktitle={2017 IEEE Visual Communications and Image Processing (VCIP)},
	pages={1--4},
	year={2017},
	organization={IEEE}
}

@inproceedings{wang2019low,
	title={Low-light image enhancement with attention and multi-level feature fusion},
	author={Wang, Lei and Fu, Guangtao and Jiang, Zhuqing and Ju, Guodong and Men, Aidong},
	booktitle={2019 IEEE International Conference on Multimedia \& Expo Workshops (ICMEW)},
	pages={276--281},
	year={2019},
	organization={IEEE}
}

@article{yang2021locally,
	title={Locally Enhanced Self-Attention: Combining Self-Attention and Convolution as Local and Context Terms},
	author={Yang, Chenglin and Qiao, Siyuan and Kortylewski, Adam and Yuille, Alan},
	journal={arXiv preprint arXiv:2107.05637},
	year={2021}
}

@inproceedings{zhang2020attention,
	title={Attention-based network for low-light image enhancement},
	author={Zhang, Cheng and Yan, Qingsen and Zhu, Yu and Li, Xianjun and Sun, Jinqiu and Zhang, Yanning},
	booktitle={2020 IEEE international conference on multimedia and expo (ICME)},
	pages={1--6},
	year={2020},
	organization={IEEE}
}

@inproceedings{li2018multi,
	title={Multi-scale residual network for image super-resolution},
	author={Li, Juncheng and Fang, Faming and Mei, Kangfu and Zhang, Guixu},
	booktitle={Proceedings of the European conference on computer vision (ECCV)},
	pages={517--532},
	year={2018}
}

@inproceedings{zamir2020learning,
	title={Learning enriched features for real image restoration and enhancement},
	author={Zamir, Syed Waqas and Arora, Aditya and Khan, Salman and Hayat, Munawar and Khan, Fahad Shahbaz and Yang, Ming-Hsuan and Shao, Ling},
	booktitle={Computer Vision--ECCV 2020: 16th European Conference, Glasgow, UK, August 23--28, 2020, Proceedings, Part XXV 16},
	pages={492--511},
	year={2020},
	organization={Springer}
}

@article{li2020visual,
	title={Visual perception model for rapid and adaptive low-light image enhancement},
	author={Li, Xiaoxiao and Guo, Xiaopeng and Mei, Liye and Shang, Mingyu and Gao, Jie and Shu, Maojing and Wang, Xiang},
	journal={arXiv preprint arXiv:2005.07343},
	year={2020}
}

@inproceedings{kim2011single,
	title={Single image dehazing based on contrast enhancement},
	author={Kim, Jin-Hwan and Sim, Jae-Young and Kim, Chang-Su},
	booktitle={2011 IEEE International Conference on Acoustics, Speech and Signal Processing (ICASSP)},
	pages={1273--1276},
	year={2011},
	organization={IEEE}
}

@inproceedings{li2015low,
	title={A low-light image enhancement method for both denoising and contrast enlarging},
	author={Li, Lin and Wang, Ronggang and Wang, Wenmin and Gao, Wen},
	booktitle={2015 IEEE international conference on image processing (ICIP)},
	pages={3730--3734},
	year={2015},
	organization={IEEE}
}

@article{vaswani2017attention,
	title={Attention is all you need},
	author={Vaswani, Ashish and Shazeer, Noam and Parmar, Niki and Uszkoreit, Jakob and Jones, Llion and Gomez, Aidan N and Kaiser, {\L}ukasz and Polosukhin, Illia},
	journal={Advances in neural information processing systems},
	volume={30},
	year={2017}
}

@article{dosovitskiy2020image,
	title={An image is worth 16x16 words: Transformers for image recognition at scale},
	author={Dosovitskiy, Alexey and Beyer, Lucas and Kolesnikov, Alexander and Weissenborn, Dirk and Zhai, Xiaohua and Unterthiner, Thomas and Dehghani, Mostafa and Minderer, Matthias and Heigold, Georg and Gelly, Sylvain and others},
	journal={arXiv preprint arXiv:2010.11929},
	year={2020}
}

@misc{wang2022ultrahighdefinition,
	title={Ultra-High-Definition Low-Light Image Enhancement: A Benchmark and Transformer-Based Method}, 
	author={Tao Wang and Kaihao Zhang and Tianrun Shen and Wenhan Luo and Bjorn Stenger and Tong Lu},
	year={2022},
	eprint={2212.11548},
	archivePrefix={arXiv},
	primaryClass={cs.CV}
}

@misc{wang2021uformer,
	title={Uformer: A General U-Shaped Transformer for Image Restoration}, 
	author={Zhendong Wang and Xiaodong Cun and Jianmin Bao and Wengang Zhou and Jianzhuang Liu and Houqiang Li},
	year={2021},
	eprint={2106.03106},
	archivePrefix={arXiv},
	primaryClass={cs.CV}
}

@misc{chen2023cross,
	title={Cross Aggregation Transformer for Image Restoration}, 
	author={Zheng Chen and Yulun Zhang and Jinjin Gu and Yongbing Zhang and Linghe Kong and Xin Yuan},
	year={2023},
	eprint={2211.13654},
	archivePrefix={arXiv},
	primaryClass={cs.CV}
}

@inproceedings{peng2021conformer,
	title={Conformer: Local features coupling global representations for visual recognition},
	author={Peng, Zhiliang and Huang, Wei and Gu, Shanzhi and Xie, Lingxi and Wang, Yaowei and Jiao, Jianbin and Ye, Qixiang},
	booktitle={Proceedings of the IEEE/CVF international conference on computer vision},
	pages={367--376},
	year={2021}
}

@inproceedings{johnson2016perceptual,
	title={Perceptual losses for real-time style transfer and super-resolution},
	author={Johnson, Justin and Alahi, Alexandre and Fei-Fei, Li},
	booktitle={Computer Vision--ECCV 2016: 14th European Conference, Amsterdam, The Netherlands, October 11-14, 2016, Proceedings, Part II 14},
	pages={694--711},
	year={2016},
	organization={Springer}
}

@incollection{huber1992robust,
	title={Robust estimation of a location parameter},
	author={Huber, Peter J},
	booktitle={Breakthroughs in statistics: Methodology and distribution},
	pages={492--518},
	year={1992},
	publisher={Springer}
}

@article{wang2004image,
	title={Image quality assessment: from error visibility to structural similarity},
	author={Wang, Zhou and Bovik, Alan C and Sheikh, Hamid R and Simoncelli, Eero P},
	journal={IEEE transactions on image processing},
	volume={13},
	number={4},
	pages={600--612},
	year={2004},
	publisher={IEEE}
}

@article{guo2016lime,
	title={LIME: Low-light image enhancement via illumination map estimation},
	author={Guo, Xiaojie and Li, Yu and Ling, Haibin},
	journal={IEEE Transactions on image processing},
	volume={26},
	number={2},
	pages={982--993},
	year={2016},
	publisher={IEEE}
}

@article{pisano1998contrast,
	title={Contrast limited adaptive histogram equalization image processing to improve the detection of simulated spiculations in dense mammograms},
	author={Pisano, Etta D and Zong, Shuquan and Hemminger, Bradley M and DeLuca, Marla and Johnston, R Eugene and Muller, Keith and Braeuning, M Patricia and Pizer, Stephen M},
	journal={Journal of Digital imaging},
	volume={11},
	pages={193--200},
	year={1998},
	publisher={Springer}
}

@article{li2018lightennet,
	title={LightenNet: A convolutional neural network for weakly illuminated image enhancement},
	author={Li, Chongyi and Guo, Jichang and Porikli, Fatih and Pang, Yanwei},
	journal={Pattern recognition letters},
	volume={104},
	pages={15--22},
	year={2018},
	publisher={Elsevier}
}

@article{lore2017llnet,
	title={LLNet: A deep autoencoder approach to natural low-light image enhancement},
	author={Lore, Kin Gwn and Akintayo, Adedotun and Sarkar, Soumik},
	journal={Pattern Recognition},
	volume={61},
	pages={650--662},
	year={2017},
	publisher={Elsevier}
}

@inproceedings{wang2018gladnet,
	title={Gladnet: Low-light enhancement network with global awareness},
	author={Wang, Wenjing and Wei, Chen and Yang, Wenhan and Liu, Jiaying},
	booktitle={2018 13th IEEE international conference on automatic face \& gesture recognition (FG 2018)},
	pages={751--755},
	year={2018},
	organization={IEEE}
}

@article{wei2018deep,
	title={Deep retinex decomposition for low-light enhancement},
	author={Wei, Chen and Wang, Wenjing and Yang, Wenhan and Liu, Jiaying},
	journal={arXiv preprint arXiv:1808.04560},
	year={2018}
}

@inproceedings{lv2018mbllen,
	title={MBLLEN: Low-Light Image/Video Enhancement Using CNNs.},
	author={Lv, Feifan and Lu, Feng and Wu, Jianhua and Lim, Chongsoon},
	booktitle={BMVC},
	volume={220},
	number={1},
	pages={4},
	year={2018}
}

@article{jiang2021enlightengan,
	title={Enlightengan: Deep light enhancement without paired supervision},
	author={Jiang, Yifan and Gong, Xinyu and Liu, Ding and Cheng, Yu and Fang, Chen and Shen, Xiaohui and Yang, Jianchao and Zhou, Pan and Wang, Zhangyang},
	journal={IEEE transactions on image processing},
	volume={30},
	pages={2340--2349},
	year={2021},
	publisher={IEEE}
}

@inproceedings{guo2020zero,
	title={Zero-reference deep curve estimation for low-light image enhancement},
	author={Guo, Chunle and Li, Chongyi and Guo, Jichang and Loy, Chen Change and Hou, Junhui and Kwong, Sam and Cong, Runmin},
	booktitle={Proceedings of the IEEE/CVF conference on computer vision and pattern recognition},
	pages={1780--1789},
	year={2020}
}

@article{li2021learning,
	title={Learning to enhance low-light image via zero-reference deep curve estimation},
	author={Li, Chongyi and Guo, Chunle and Loy, Chen Change},
	journal={IEEE Transactions on Pattern Analysis and Machine Intelligence},
	volume={44},
	number={8},
	pages={4225--4238},
	year={2021},
	publisher={IEEE}
}

@inproceedings{hore2010image,
	title={Image quality metrics: PSNR vs. SSIM},
	author={Hore, Alain and Ziou, Djemel},
	booktitle={2010 20th international conference on pattern recognition},
	pages={2366--2369},
	year={2010},
	organization={IEEE}
}

@article{wang2004image,
	title={Image quality assessment: from error visibility to structural similarity},
	author={Wang, Zhou and Bovik, Alan C and Sheikh, Hamid R and Simoncelli, Eero P},
	journal={IEEE transactions on image processing},
	volume={13},
	number={4},
	pages={600--612},
	year={2004},
	publisher={IEEE}
}

@article{mittal2012making,
	title={Making a “completely blind” image quality analyzer},
	author={Mittal, Anish and Soundararajan, Rajiv and Bovik, Alan C},
	journal={IEEE Signal processing letters},
	volume={20},
	number={3},
	pages={209--212},
	year={2012},
	publisher={IEEE}
}

@article{cai2018learning,
	title={Learning a deep single image contrast enhancer from multi-exposure images},
	author={Cai, Jianrui and Gu, Shuhang and Zhang, Lei},
	journal={IEEE Transactions on Image Processing},
	volume={27},
	number={4},
	pages={2049--2062},
	year={2018},
	publisher={IEEE}
}

@inproceedings{zhang2019kindling,
	title={Kindling the darkness: A practical low-light image enhancer},
	author={Zhang, Yonghua and Zhang, Jiawan and Guo, Xiaojie},
	booktitle={Proceedings of the 27th ACM international conference on multimedia},
	pages={1632--1640},
	year={2019}
}

@inproceedings{zheng2021rethinking,
	title={Rethinking semantic segmentation from a sequence-to-sequence perspective with transformers},
	author={Zheng, Sixiao and Lu, Jiachen and Zhao, Hengshuang and Zhu, Xiatian and Luo, Zekun and Wang, Yabiao and Fu, Yanwei and Feng, Jianfeng and Xiang, Tao and Torr, Philip HS and others},
	booktitle={Proceedings of the IEEE/CVF conference on computer vision and pattern recognition},
	pages={6881--6890},
	year={2021}
}

@inproceedings{liu2021swin,
	title={Swin transformer: Hierarchical vision transformer using shifted windows},
	author={Liu, Ze and Lin, Yutong and Cao, Yue and Hu, Han and Wei, Yixuan and Zhang, Zheng and Lin, Stephen and Guo, Baining},
	booktitle={Proceedings of the IEEE/CVF international conference on computer vision},
	pages={10012--10022},
	year={2021}
}

@inproceedings{wang2022uformer,
	title={Uformer: A general u-shaped transformer for image restoration},
	author={Wang, Zhendong and Cun, Xiaodong and Bao, Jianmin and Zhou, Wengang and Liu, Jianzhuang and Li, Houqiang},
	booktitle={Proceedings of the IEEE/CVF conference on computer vision and pattern recognition},
	pages={17683--17693},
	year={2022}
}

@article{cai2018learning,
	title={Learning a deep single image contrast enhancer from multi-exposure images},
	author={Cai, Jianrui and Gu, Shuhang and Zhang, Lei},
	journal={IEEE Transactions on Image Processing},
	volume={27},
	number={4},
	pages={2049--2062},
	year={2018},
	publisher={IEEE}
}

@inproceedings{guo2020zero,
	title={Zero-reference deep curve estimation for low-light image enhancement},
	author={Guo, Chunle and Li, Chongyi and Guo, Jichang and Loy, Chen Change and Hou, Junhui and Kwong, Sam and Cong, Runmin},
	booktitle={Proceedings of the IEEE/CVF conference on computer vision and pattern recognition},
	pages={1780--1789},
	year={2020}
}

@inproceedings{moon2013robust,
	title={Robust image denoising using a virtual flash image for Monte Carlo ray tracing},
	author={Moon, Bochang and Jun, Jong Yun and Lee, JongHyeob and Kim, Kunho and Hachisuka, Toshiya and Yoon, Sung-Eui},
	booktitle={Computer Graphics Forum},
	volume={32},
	number={1},
	pages={139--151},
	year={2013},
	organization={Wiley Online Library}
}

@article{lore2017llnet,
	title={LLNet: A deep autoencoder approach to natural low-light image enhancement},
	author={Lore, Kin Gwn and Akintayo, Adedotun and Sarkar, Soumik},
	journal={Pattern Recognition},
	volume={61},
	pages={650--662},
	year={2017},
	publisher={Elsevier}
}

@inproceedings{wang2019low,
	title={Low-light image enhancement with attention and multi-level feature fusion},
	author={Wang, Lei and Fu, Guangtao and Jiang, Zhuqing and Ju, Guodong and Men, Aidong},
	booktitle={2019 IEEE International Conference on Multimedia \& Expo Workshops (ICMEW)},
	pages={276--281},
	year={2019},
	organization={IEEE}
}

@article{zhang2021self,
	title={Self-supervised low light image enhancement and denoising},
	author={Zhang, Yu and Di, Xiaoguang and Zhang, Bin and Li, Qingyan and Yan, Shiyu and Wang, Chunhui},
	journal={arXiv preprint arXiv:2103.00832},
	year={2021}
}

@article{fu2020learning,
	title={Learning an adaptive model for extreme low-light raw image processing},
	author={Fu, Qingxu and Di, Xiaoguang and Zhang, Yu},
	journal={IET Image Processing},
	volume={14},
	number={14},
	pages={3433--3443},
	year={2020},
	publisher={Wiley Online Library}
}

@inproceedings{zhang2021sa,
	title={Sa-net: Shuffle attention for deep convolutional neural networks},
	author={Zhang, Qing-Long and Yang, Yu-Bin},
	booktitle={ICASSP 2021-2021 IEEE International Conference on Acoustics, Speech and Signal Processing (ICASSP)},
	pages={2235--2239},
	year={2021},
	organization={IEEE}
}

@inproceedings{zhang2021deep,
	title={Deep HDR estimation with generative detail reconstruction},
	author={Zhang, Yang and Ayd{\i}n, TO},
	booktitle={Computer graphics forum},
	volume={40},
	number={2},
	pages={179--190},
	year={2021},
	organization={Wiley Online Library}
}

@article{s20020495,
	AUTHOR = {Ai, Sophy and Kwon, Jangwoo},
	TITLE = {Extreme Low-Light Image Enhancement for Surveillance Cameras Using Attention U-Net},
	JOURNAL = {Sensors},
	VOLUME = {20},
	YEAR = {2020},
	NUMBER = {2},
	ARTICLE-NUMBER = {495},
	URL = {https://www.mdpi.com/1424-8220/20/2/495},
	PubMedID = {31952325},
	ISSN = {1424-8220},
	ABSTRACT = {Low-light image enhancement is one of the most challenging tasks in computer vision, and it is actively researched and used to solve various problems. Most of the time, image processing achieves significant performance under normal lighting conditions. However, under low-light conditions, an image turns out to be noisy and dark, which makes subsequent computer vision tasks difficult. To make buried details more visible, and reduce blur and noise in a low-light captured image, a low-light image enhancement task is necessary. A lot of research has been applied to many different techniques. However, most of these approaches require much effort or expensive equipment to perform low-light image enhancement. For example, the image has to be captured in a raw camera file in order to be processed, and the addressing method does not perform well under extreme low-light conditions. In this paper, we propose a new convolutional network, Attention U-net (the integration of an attention gate and a U-net network), which is able to work on common file types (.PNG, .JPEG, .JPG, etc.) with primary support from deep learning to solve the problem of surveillance camera security in smart city inducements without requiring the raw image file from the camera, and it can perform under the most extreme low-light conditions.},
	DOI = {10.3390/s20020495}
}

@article{li2021deep,
	title={A deep learning based image enhancement approach for autonomous driving at night},
	author={Li, Guofa and Yang, Yifan and Qu, Xingda and Cao, Dongpu and Li, Keqiang},
	journal={Knowledge-Based Systems},
	volume={213},
	pages={106617},
	year={2021},
	publisher={Elsevier}
}

@inproceedings{ma2022toward,
	title={Toward fast, flexible, and robust low-light image enhancement},
	author={Ma, Long and Ma, Tengyu and Liu, Risheng and Fan, Xin and Luo, Zhongxuan},
	booktitle={Proceedings of the IEEE/CVF Conference on Computer Vision and Pattern Recognition},
	pages={5637--5646},
	year={2022}
}

@article{stark2000adaptive,
	title={Adaptive image contrast enhancement using generalizations of histogram equalization},
	author={Stark, J Alex},
	journal={IEEE Transactions on image processing},
	volume={9},
	number={5},
	pages={889--896},
	year={2000},
	publisher={IEEE}
}

@article{land1971lightness,
	title={Lightness and retinex theory},
	author={Land, Edwin H and McCann, John J},
	journal={Josa},
	volume={61},
	number={1},
	pages={1--11},
	year={1971},
	publisher={Optica Publishing Group}
}

@article{liu2021benchmarking,
	title={Benchmarking low-light image enhancement and beyond},
	author={Liu, Jiaying and Xu, Dejia and Yang, Wenhan and Fan, Minhao and Huang, Haofeng},
	journal={International Journal of Computer Vision},
	volume={129},
	pages={1153--1184},
	year={2021},
	publisher={Springer}
}

@article{dai2019fractional,
	title={Fractional-order fusion model for low-light image enhancement},
	author={Dai, Qiang and Pu, Yi-Fei and Rahman, Ziaur and Aamir, Muhammad},
	journal={Symmetry},
	volume={11},
	number={4},
	pages={574},
	year={2019},
	publisher={MDPI}
}

@article{ma2019improved,
	title={An improved color image defogging algorithm using dark channel model and enhancing saturation},
	author={Ma, Ruiqiang and Zhang, Shanjun},
	journal={Optik},
	volume={180},
	pages={997--1000},
	year={2019},
	publisher={Elsevier}
}

@inproceedings{ueng1995gamma,
	title={The gamma transform: A local time-frequency analysis method},
	author={Ueng, Neng-Tsann and Scharf, Louis L},
	booktitle={Conference Record of The Twenty-Ninth Asilomar Conference on Signals, Systems and Computers},
	volume={2},
	pages={920--924},
	year={1995},
	organization={IEEE}
}

@article{cooper2004analysis,
	title={Analysis and extensions of the Frankle-McCann Retinex algorithm},
	author={Cooper, Ted J and Baqai, Farhan A},
	journal={Journal of Electronic Imaging},
	volume={13},
	number={1},
	pages={85--92},
	year={2004},
	publisher={Society of Photo-Optical Instrumentation Engineers}
}

@article{202013,
	title = {基于Retinex的彩色图像增强方法综述},
	author = {王利娟,常霞,张君},
	journal = {计算机系统应用},
	volume = {29},
	number = {6},
	pages = {13},
	numpages = {9.0000},
	year = {2020},
	month = {},
	doi = {10.15888/j.cnki.csa.007430},
	publisher = {计算机系统应用}
}

@inproceedings{tang2023low,
	title={Low-Illumination Image Enhancement Based on Deep Learning Techniques: A Brief Review},
	author={Tang, Hao and Zhu, Hongyu and Fei, Linfeng and Wang, Tingwei and Cao, Yichao and Xie, Chao},
	booktitle={Photonics},
	volume={10},
	number={2},
	pages={198},
	year={2023},
	organization={MDPI}
}

@incollection{dong2010fast,
	title={Fast efficient algorithm for enhancement of low lighting video},
	author={Dong, Xuan and Pang, Yi and Wen, Jiangtao},
	booktitle={ACM SIGGRAPH 2010 Posters},
	pages={1--1},
	year={2010}
}

@article{lu2020tbefn,
	title={TBEFN: A two-branch exposure-fusion network for low-light image enhancement},
	author={Lu, Kun and Zhang, Lihong},
	journal={IEEE Transactions on Multimedia},
	volume={23},
	pages={4093--4105},
	year={2020},
	publisher={IEEE}
}

@article{li2021low,
	title={Low-light image enhancement via progressive-recursive network},
	author={Li, Jinjiang and Feng, Xiaomei and Hua, Zhen},
	journal={IEEE Transactions on Circuits and Systems for Video Technology},
	volume={31},
	number={11},
	pages={4227--4240},
	year={2021},
	publisher={IEEE}
}

@article{lim2020dslr,
	title={DSLR: Deep stacked Laplacian restorer for low-light image enhancement},
	author={Lim, Seokjae and Kim, Wonjun},
	journal={IEEE Transactions on Multimedia},
	volume={23},
	pages={4272--4284},
	year={2020},
	publisher={IEEE}
}

@article{ravirathinam2021c,
	title={C-LIENet: A multi-context low-light image enhancement network},
	author={Ravirathinam, Praveen and Goel, Divyam and Ranjani, J Jennifer},
	journal={IEEE Access},
	volume={9},
	pages={31053--31064},
	year={2021},
	publisher={IEEE}
}

@article{shen2017msr,
	title={Msr-net: Low-light image enhancement using deep convolutional network},
	author={Shen, Liang and Yue, Zihan and Feng, Fan and Chen, Quan and Liu, Shihao and Ma, Jie},
	journal={arXiv preprint arXiv:1711.02488},
	year={2017}
}

@article{cui2022illumination,
	title={Illumination adaptive transformer},
	author={Cui, Ziteng and Li, Kunchang and Gu, Lin and Su, Shenghan and Gao, Peng and Jiang, Zhengkai and Qiao, Yu and Harada, Tatsuya},
	journal={arXiv preprint arXiv:2205.14871},
	year={2022}
}

@inproceedings{carion2020end,
	title={End-to-end object detection with transformers},
	author={Carion, Nicolas and Massa, Francisco and Synnaeve, Gabriel and Usunier, Nicolas and Kirillov, Alexander and Zagoruyko, Sergey},
	booktitle={European conference on computer vision},
	pages={213--229},
	year={2020},
	organization={Springer}
}

@inproceedings{wang2023ultra,
	title={Ultra-high-definition low-light image enhancement: A benchmark and transformer-based method},
	author={Wang, Tao and Zhang, Kaihao and Shen, Tianrun and Luo, Wenhan and Stenger, Bjorn and Lu, Tong},
	booktitle={Proceedings of the AAAI Conference on Artificial Intelligence},
	volume={37},
	number={3},
	pages={2654--2662},
	year={2023}
}

@article{fu2022gan,
	title={LE-GAN: Unsupervised low-light image enhancement network using attention module and identity invariant loss},
	author={Fu, Ying and Hong, Yang and Chen, Linwei and You, Shaodi},
	journal={Knowledge-Based Systems},
	volume={240},
	pages={108010},
	year={2022},
	publisher={Elsevier}
}

@article{ni2020towards,
	title={Towards unsupervised deep image enhancement with generative adversarial network},
	author={Ni, Zhangkai and Yang, Wenhan and Wang, Shiqi and Ma, Lin and Kwong, Sam},
	journal={IEEE Transactions on Image Processing},
	volume={29},
	pages={9140--9151},
	year={2020},
	publisher={IEEE}
}

@article{zhang2021unsupervised,
	title={Unsupervised low-light image enhancement via histogram equalization prior},
	author={Zhang, Feng and Shao, Yuanjie and Sun, Yishi and Zhu, Kai and Gao, Changxin and Sang, Nong},
	journal={arXiv preprint arXiv:2112.01766},
	year={2021}
}

@inproceedings{qiao2021deep,
	title={Deep semi-supervised learning for low-light image enhancement},
	author={Qiao, Zhuocheng and Xu, Wei and Sun, Li and Qiu, Song and Guo, Haoming},
	booktitle={2021 14th International Congress on Image and Signal Processing, BioMedical Engineering and Informatics (CISP-BMEI)},
	pages={1--6},
	year={2021},
	organization={IEEE}
}

@inproceedings{robert2018hybridnet,
	title={Hybridnet: Classification and reconstruction cooperation for semi-supervised learning},
	author={Robert, Thomas and Thome, Nicolas and Cord, Matthieu},
	booktitle={Proceedings of the European Conference on Computer Vision (ECCV)},
	pages={153--169},
	year={2018}
}

@inproceedings{zhu2020zero,
	title={Zero-shot restoration of underexposed images via robust retinex decomposition},
	author={Zhu, Anqi and Zhang, Lin and Shen, Ying and Ma, Yong and Zhao, Shengjie and Zhou, Yicong},
	booktitle={2020 IEEE International Conference on Multimedia and Expo (ICME)},
	pages={1--6},
	year={2020},
	organization={IEEE}
}

@inproceedings{zhang2019zero,
	title={Zero-shot restoration of back-lit images using deep internal learning},
	author={Zhang, Lin and Zhang, Lijun and Liu, Xiao and Shen, Ying and Zhang, Shaoming and Zhao, Shengjie},
	booktitle={Proceedings of the 27th ACM international conference on multimedia},
	pages={1623--1631},
	year={2019}
}

@inproceedings{liu2021retinex,
	title={Retinex-inspired unrolling with cooperative prior architecture search for low-light image enhancement},
	author={Liu, Risheng and Ma, Long and Zhang, Jiaao and Fan, Xin and Luo, Zhongxuan},
	booktitle={Proceedings of the IEEE/CVF Conference on Computer Vision and Pattern Recognition},
	pages={10561--10570},
	year={2021}
}

@inproceedings{xu2020learning,
	title={Learning to restore low-light images via decomposition-and-enhancement},
	author={Xu, Ke and Yang, Xin and Yin, Baocai and Lau, Rynson WH},
	booktitle={Proceedings of the IEEE/CVF conference on computer vision and pattern recognition},
	pages={2281--2290},
	year={2020}
}

@article{wang2004image,
	title={Image quality assessment: from error visibility to structural similarity},
	author={Wang, Zhou and Bovik, Alan C and Sheikh, Hamid R and Simoncelli, Eero P},
	journal={IEEE transactions on image processing},
	volume={13},
	number={4},
	pages={600--612},
	year={2004},
	publisher={IEEE}
}

@article{pietikainen2010local,
	title={Local binary patterns},
	author={Pietik{\"a}inen, Matti},
	journal={Scholarpedia},
	volume={5},
	number={3},
	pages={9775},
	year={2010}
}

@article{maini2009study,
	title={Study and comparison of various image edge detection techniques},
	author={Maini, Raman and Aggarwal, Himanshu},
	journal={International journal of image processing (IJIP)},
	volume={3},
	number={1},
	pages={1--11},
	year={2009}
}

@inproceedings{liu2017richer,
	title={Richer convolutional features for edge detection},
	author={Liu, Yun and Cheng, Ming-Ming and Hu, Xiaowei and Wang, Kai and Bai, Xiang},
	booktitle={Proceedings of the IEEE conference on computer vision and pattern recognition},
	pages={3000--3009},
	year={2017}
}