@article{vaswani2017attention,
	title={Attention is all you need},
	author={Vaswani, Ashish and Shazeer, Noam and Parmar, Niki and Uszkoreit, Jakob and Jones, Llion and Gomez, Aidan N and Kaiser, {\L}ukasz and Polosukhin, Illia},
	journal={Advances in neural information processing systems},
	volume={30},
	year={2017}
}

@misc{wang2022ultrahighdefinition,
	title={Ultra-High-Definition Low-Light Image Enhancement: A Benchmark and Transformer-Based Method}, 
	author={Tao Wang and Kaihao Zhang and Tianrun Shen and Wenhan Luo and Bjorn Stenger and Tong Lu},
	year={2022},
	eprint={2212.11548},
	archivePrefix={arXiv},
	primaryClass={cs.CV}
}

@misc{dosovitskiy2021image,
	title={An Image is Worth 16x16 Words: Transformers for Image Recognition at Scale}, 
	author={Alexey Dosovitskiy and Lucas Beyer and Alexander Kolesnikov and Dirk Weissenborn and Xiaohua Zhai and Thomas Unterthiner and Mostafa Dehghani and Matthias Minderer and Georg Heigold and Sylvain Gelly and Jakob Uszkoreit and Neil Houlsby},
	year={2021},
	eprint={2010.11929},
	archivePrefix={arXiv},
	primaryClass={cs.CV}
}